<collection xmlns="http://www.loc.gov/MARC21/slim">
<record>
  <leader>01861nam0a2200325 i 450 </leader>
  <controlfield tag="001">IT\ICCU\CNCE\007772</controlfield>
  <controlfield tag="005">20150729000000.0</controlfield>
  <datafield tag="012" ind1=" " ind2=" ">
    <subfield code="a">ilti ++ne noe: noe, (C) 1574 (A)</subfield>
    <subfield code="2">fei</subfield>
  </datafield>
  <datafield tag="100" ind1=" " ind2=" ">
    <subfield code="a">19970101d1574        0itac0103    ba</subfield>
  </datafield>
  <datafield tag="101" ind1=" " ind2=" ">
    <subfield code="a">ITA</subfield>
    <subfield code="a">FRE</subfield>
  </datafield>
  <datafield tag="102" ind1=" " ind2=" ">
    <subfield code="a">IT</subfield>
  </datafield>
  <datafield tag="200" ind1="1" ind2=" ">
    <subfield code="a">Oratione di m. Agostino Bucci, lettore di filosofia, et oratore del serenis. sig. duca di Sauoia. Per la entrata di Henrico III christianiss. re di Francia, et di Polonia in Turino. Con quattro sonetti del medesimo, parte in lingua italiana, parte in francese</subfield>
  </datafield>
  <datafield tag="210" ind1=" " ind2=" ">
    <subfield code="a">Stampata in Turino</subfield>
    <subfield code="d">et ristampata in Milano</subfield>
    <subfield code="c">per Valerio &amp; Hieronimo da Meda</subfield>
    <subfield code="d">1574</subfield>
    <subfield code="e">\Milano!</subfield>
    <subfield code="g">per Gio. Battista Pontio</subfield>
  </datafield>
  <datafield tag="215" ind1=" " ind2=" ">
    <subfield code="a">\6! c.</subfield>
    <subfield code="d">4ʻ</subfield>
  </datafield>
  <datafield tag="620" ind1=" " ind2=" ">
    <subfield code="a">IT</subfield>
    <subfield code="d">Milano</subfield>
  </datafield>
  <datafield tag="700" ind1=" " ind2="1">
    <subfield code="a">Bucci,</subfield>
    <subfield code="b">Agostino</subfield>
    <subfield code="3">IT\ICCU\CNCA\002096</subfield>
  </datafield>
  <datafield tag="712" ind1="0" ind2="0">
    <subfield code="a">Meda, Valerio &amp; Meda, Girolamo</subfield>
    <subfield code="3">IT\ICCU\CNCT\000036</subfield>
    <subfield code="4">650</subfield>
  </datafield>
  <datafield tag="712" ind1="0" ind2="0">
    <subfield code="a">Da_Ponte, Giovanni Battista</subfield>
    <subfield code="3">IT\ICCU\CNCT\000280</subfield>
    <subfield code="4">650</subfield>
  </datafield>
  <datafield tag="790" ind1=" " ind2="1">
    <subfield code="a">Buccio,</subfield>
    <subfield code="b">Agostino</subfield>
    <subfield code="3">IT\ICCU\CNCA\012877</subfield>
    <subfield code="z">Bucci, Agostino</subfield>
  </datafield>
  <datafield tag="790" ind1=" " ind2="1">
    <subfield code="a">Buccius,</subfield>
    <subfield code="b">Augustinus</subfield>
    <subfield code="3">IT\ICCU\CNCA\026562</subfield>
    <subfield code="z">Bucci, Agostino</subfield>
  </datafield>
  <datafield tag="791" ind1="0" ind2="0">
    <subfield code="a">Meda, Girolamo</subfield>
    <subfield code="3">IT\ICCU\CNCT\000037</subfield>
    <subfield code="z">Meda, Valerio &amp; Meda, Girolamo</subfield>
  </datafield>
  <datafield tag="791" ind1="0" ind2="0">
    <subfield code="a">Ponte, Giovanni Battista da</subfield>
    <subfield code="3">IT\ICCU\CNCT\003705</subfield>
    <subfield code="z">Da_Ponte, Giovanni Battista</subfield>
  </datafield>
  <datafield tag="791" ind1="0" ind2="0">
    <subfield code="a">Pontius, Ioannes Baptista</subfield>
    <subfield code="3">IT\ICCU\CNCT\003706</subfield>
    <subfield code="z">Da_Ponte, Giovanni Battista</subfield>
  </datafield>
  <datafield tag="791" ind1="0" ind2="0">
    <subfield code="a">Pontio, Giovanni Battista</subfield>
    <subfield code="3">IT\ICCU\CNCT\004484</subfield>
    <subfield code="z">Da_Ponte, Giovanni Battista</subfield>
  </datafield>
  <datafield tag="791" ind1="0" ind2="0">
    <subfield code="a">Ponti, Giovan Battista de</subfield>
    <subfield code="3">IT\ICCU\CNCT\004485</subfield>
    <subfield code="z">Da_Ponte, Giovanni Battista</subfield>
  </datafield>
  <datafield tag="791" ind1="0" ind2="0">
    <subfield code="a">Ponzio, Giovanni Battista</subfield>
    <subfield code="3">IT\ICCU\CNCT\004486</subfield>
    <subfield code="z">Da_Ponte, Giovanni Battista</subfield>
  </datafield>
  <datafield tag="801" ind1=" " ind2="3">
    <subfield code="a">IT</subfield>
    <subfield code="b">ICCU</subfield>
    <subfield code="c">20201113</subfield>
  </datafield>
  <datafield tag="899" ind1=" " ind2=" ">
    <subfield code="a">Biblioteca nazionale Braidense. Milano</subfield>
    <subfield code="z">MUTILO</subfield>
    <subfield code="1">MI0185</subfield>
    <subfield code="2">MIL NB</subfield>
  </datafield>
  <datafield tag="899" ind1=" " ind2=" ">
    <subfield code="a">Biblioteca nazionale universitaria. Torino</subfield>
    <subfield code="z">MUTILO</subfield>
    <subfield code="1">TO0265</subfield>
    <subfield code="2">TO0 02</subfield>
  </datafield>
  <datafield tag="899" ind1=" " ind2=" ">
    <subfield code="a">Biblioteca nazionale Marciana. Venezia</subfield>
    <subfield code="1">VE0049</subfield>
    <subfield code="2">VEA BM</subfield>
  </datafield>
</record>
</collection>
